@Article{shayan-2017-trees,
  author =       {Shayan Najd. Simon Peyton Jones},
  title =        {Trees That Grow},
  journal =      {Journal of Universal Computer Science, vol. 23, no. 1},
  year =         {2017}
}
@misc{template-haskell,
  title = {{GHC User's Guide Documentation, Template Haskell}},
  howpublished = {\url{https://downloads.haskell.org/~ghc/latest/docs/html/users_guide/glasgow_exts.html#template-haskell}},
  note = {Accessed: 2018-09-02}
}

@misc{overlaping-instances,
  title = {{GHC User's Guide Documentation, Overlapping Instances}},
  howpublished = {\url{https://downloads.haskell.org/~ghc/latest/docs/html/users_guide/glasgow_exts.html#overlapping-instances}},
  note = {Accessed: 2018-09-02}
}

@misc{quasi-quoter,
  title = {{GHC User's Guide Documentation, QuasiQuoter}},
  howpublished = {\url{https://downloads.haskell.org/~ghc/latest/docs/html/users_guide/glasgow_exts.html#template-haskell-quasi-quotation}},
  note = {Accessed: 2018-09-02}
}

@misc{free-monads,
  title = {{Why free monads matter}},
  howpublished = {\url{http://www.haskellforall.com/2012/06/you-could-have-invented-free-monads.html}},
  note = {Accessed: 2018-09-02},
  author = {Gabriel Gonzalez}
}

@misc{libfuse,
  title = {{Libfuse}},
  howpublished = {\url{https://github.com/libfuse/libfuse}},
  note = {Accessed: 2018-09-13},
}